@INPROCEEDINGS{Wadler90lineartypes,
    author = {Philip Wadler},
    title = {Linear Types Can Change the World!},
    booktitle = {PROGRAMMING CONCEPTS AND METHODS},
    year = {1990},
    publisher = {North}
}

@inproceedings{once-upon-a-type,
author = {Turner, David N. and Wadler, Philip and Mossin, Christian},
title = {Once upon a Type},
year = {1995},
isbn = {0897917197},
publisher = {Association for Computing Machinery},
address = {New York, NY, USA},
url = {https://doi.org/10.1145/224164.224168},
doi = {10.1145/224164.224168},
booktitle = {Proceedings of the Seventh International Conference on Functional Programming Languages and Computer Architecture},
pages = {1-11},
numpages = {11},
location = {La Jolla, California, USA},
series = {FPCA '95}
}

@phdthesis{regb,
  title={{Verification by Reduction to Functional Programs}},
  author={Blanc, R{\'e}gis},
  year={2017},
  organization={EPFL}
}

@electronic{stainless-doc,
  title = {Stainless documentation},
  url={https://epfl-lara.github.io/stainless/},
  note = {Accessed: 2021-06-30},
  organization = {EPFL IC LARA},
}

@article{stainless,
author = {Hamza, Jad and Voirol, Nicolas and Kun\v{c}ak, Viktor},
title = {{System FR: Formalized Foundations for the Stainless Verifier}s},
year = {2019},
issue_date = {October 2019},
publisher = {Association for Computing Machinery},
address = {New York, NY, USA},
volume = {3},
number = {OOPSLA},
url = {https://doi.org/10.1145/3360592},
doi = {10.1145/3360592},
journal = {Proc. ACM Program. Lang.},
month = oct,
articleno = {166},
numpages = {30},
keywords = {software verification, SMT, System F, dependent types, recursive types}
}

@article{new-imperative,
  author    = {Georg Stefan Schmid and Viktor Kun\v{c}ak},
  title     = {Proving and Disproving Programs with Shared Mutable Data},
  journal   = {CoRR},
  volume    = {abs/2103.07699},
  year      = {2021},
  url       = {https://arxiv.org/abs/2103.07699},
  archivePrefix = {arXiv},
  eprint    = {2103.07699},
  timestamp = {Tue, 23 Mar 2021 16:29:47 +0100},
  biburl    = {https://dblp.org/rec/journals/corr/abs-2103-07699.bib},
  bibsource = {dblp computer science bibliography, https://dblp.org}
}


@inproceedings{smrp,
 author = {Suter, Philippe and K\"{o}ksal, Ali Sinan and Kun\v{c}ak, Viktor},
 title = {Satisfiability Modulo Recursive Programs},
 booktitle = {Proceedings of the 18th International Conference on Static Analysis},
 series = {SAS'11},
 year = {2011},
 isbn = {978-3-642-23701-0},
 location = {Venice, Italy},
 pages = {298--315},
 numpages = {18},
 url = {http://dl.acm.org/citation.cfm?id=2041552.2041575},
 acmid = {2041575},
 publisher = {Springer-Verlag},
 address = {Berlin, Heidelberg},
}

@inproceedings{leon,
 author = {Blanc, R{\'e}gis and Kun\v{c}ak, Viktor and Kneuss, Etienne and Suter, Philippe},
 title = {An Overview of the Leon Verification System: Verification by Translation to Recursive Functions},
 booktitle = {Proceedings of the 4th Workshop on Scala},
 series = {SCALA '13},
 year = {2013},
 isbn = {978-1-4503-2064-1},
 location = {Montpellier, France},
 pages = {1:1--1:10},
 articleno = {1},
 numpages = {10},
 url = {http://doi.acm.org/10.1145/2489837.2489838},
 doi = {10.1145/2489837.2489838},
 acmid = {2489838},
 publisher = {ACM},
 address = {New York, NY, USA},
 keywords = {satisfiability, verification},
}

@inbook{smt,
title = "Satisfiability modulo theories",
author = "Clark Barrett and Roberto Sebastiani and Seshia, {Sanjit A.} and Cesare Tinelli",
year = "2009",
doi = "10.3233/978-1-58603-929-5-825",
isbn = "9781586039295",
volume = "185",
series = "Frontiers in Artificial Intelligence and Applications",
number = "1",
pages = "825--885",
booktitle = "Handbook of Satisfiability",
edition = "1",
}

@book{rust2,
author = {Klabnik, Steve and Nichols, Carol},
title = {The Rust Programming Language},
year = {2018},
isbn = {1593278284},
publisher = {No Starch Press},
address = {USA},
}

@inproceedings{rust1,
author = {Matsakis, Nicholas D. and Klock, Felix S.},
title = {The Rust Language},
year = {2014},
isbn = {9781450332170},
publisher = {Association for Computing Machinery},
address = {New York, NY, USA},
url = {https://doi.org/10.1145/2663171.2663188},
doi = {10.1145/2663171.2663188},
booktitle = {Proceedings of the 2014 ACM SIGAda Annual Conference on High Integrity Language Technology},
pages = {103-104},
numpages = {2},
keywords = {systems programming, affine type systems, rust, memory management},
location = {Portland, Oregon, USA},
series = {HILT '14}
}

@electronic{rustref,
  title        = {{The Rust Reference}},
  url          = {https://doc.rust-lang.org/1.53.0/reference/},
  note = {Accessed: 2021-06-22},
  organization = {The Rust Programming Language},
}

@electronic{rustc-guide,
  title = {{Guide to Rustc Development}},
  url = {https://rustc-dev-guide.rust-lang.org},
  note = {Accessed: 2021-06-28},
  organization = {The Rust Programming Language},
}

@electronic{polonius,
  title={An alias-based formulation of the borrow checker},
  author={Matsakis, Nicholas D.},
  year={2018},
  note = {Accessed: 2021-07-19},
  url={https://smallcultfollowing.com/babysteps/blog/2018/04/27/an-alias-based-formulation-of-the-borrow-checker/}
}

@INPROCEEDINGS{krust,
  author={Wang, Feng and Song, Fu and Zhang, Min and Zhu, Xiaoran and Zhang, Jun},
  booktitle={2018 International Symposium on Theoretical Aspects of Software Engineering (TASE)},
  title={KRust: A Formal Executable Semantics of Rust},
  year={2018},
  pages={44-51},
  doi={10.1109/TASE.2018.00014}
}


@electronic{wiki:live-vars,
  author = "{Wikipedia contributors}",
  title = "Live variable analysis --- {W}ikipedia{,} The Free Encyclopedia",
  url = {https://en.wikipedia.org/wiki/Live_variable_analysis},
  note = {Accessed: 2021-06-22},
}

@electronic{wiki:lvalues,
  author = "{Wikipedia contributors}",
  title = "Value (computer science) --- {W}ikipedia{,} The Free Encyclopedia",
  url = {https://en.wikipedia.org/wiki/Value_(computer_science)\#lrvalue},
  note = {Accessed: 2021-06-22},
}
@article{oxide,
  author    = {Weiss, Aaron and Patterson, Daniel and Matsakis, Nicholas D. and Ahmed, Amal},
  title     = {{Oxide: The Essence of Rust}},
  journal   = {CoRR},
  volume    = {abs/1903.00982},
  year      = {2019},
  url       = {http://arxiv.org/abs/1903.00982},
  archivePrefix = {arXiv},
  eprint    = {1903.00982},
  timestamp = {Sat, 30 Mar 2019 19:27:21 +0100},
  biburl    = {https://dblp.org/rec/journals/corr/abs-1903-00982.bib},
  bibsource = {dblp computer science bibliography, https://dblp.org}
}

@inproceedings{islands-alias-protection,
author = {Hogg, John},
title = {{Islands: Aliasing Protection in Object-Oriented Languages}},
year = {1991},
isbn = {0201554178},
publisher = {Association for Computing Machinery},
address = {New York, NY, USA},
url = {https://doi.org/10.1145/117954.117975},
doi = {10.1145/117954.117975},
booktitle = {{Conference Proceedings on Object-Oriented Programming Systems, Languages, and Applications}},
pages = {271 - 285},
numpages = {15},
location = {Phoenix, Arizona, USA},
series = {OOPSLA '91}
}

@article{ownership-types,
author = {Clarke, David G. and Potter, John M. and Noble, James},
title = {Ownership Types for Flexible Alias Protection},
year = {1998},
issue_date = {Oct. 1998},
publisher = {Association for Computing Machinery},
address = {New York, NY, USA},
volume = {33},
number = {10},
issn = {0362-1340},
url = {https://doi.org/10.1145/286942.286947},
doi = {10.1145/286942.286947},
journal = {SIGPLAN Not.},
month = oct,
pages = {48-64},
numpages = {17},
keywords = {sharing, ownership, alias protection, containment, representation exposure, programming language design}
}
}

@article{use-once,
  author = {Baker, Henry G.},
  title = {"Use-Once" Variables and Linear Objects: Storage Management, Reflection and Multi-Threading},
  year = {1995},
  issue_date = {Jan. 1995},
  publisher = {Association for Computing Machinery},
  address = {New York, NY, USA},
  volume = {30},
  number = {1},
  issn = {0362-1340},
  url = {https://doi.org/10.1145/199818.199860},
  doi = {10.1145/199818.199860},
  journal = {SIGPLAN Not.},
  month = jan,
  pages = {45 - 52},
  numpages = {8}
}

@inproceedings{llvm,
author = {Lattner, Chris and Adve, Vikram},
title = {{LLVM: A Compilation Framework for Lifelong Program Analysis \& Transformation}},
year = {2004},
isbn = {0769521029},
publisher = {IEEE Computer Society},
address = {USA},
booktitle = {Proceedings of the International Symposium on Code Generation and Optimization: Feedback-Directed and Runtime Optimization},
pages = {75},
location = {Palo Alto, California},
series = {CGO '04}
}

@article{liskov,
author = {Liskov, Barbara H. and Wing, Jeannette M.},
title = {A Behavioral Notion of Subtyping},
year = {1994},
issue_date = {Nov. 1994},
publisher = {Association for Computing Machinery},
address = {New York, NY, USA},
volume = {16},
number = {6},
issn = {0164-0925},
url = {https://doi.org/10.1145/197320.197383},
doi = {10.1145/197320.197383},
journal = {ACM Trans. Program. Lang. Syst.},
month = nov,
pages = {1811-1841},
numpages = {31},
keywords = {subtyping, Larch, formal specifications}
}

@article{cosmos,
  title={Cosmos: A network of distributed ledgers},
  author={Kwon, Jae and Buchman, Ethan},
  url={https://cosmos.network/whitepaper},
  year={2016}
}

@article{bitcoin,
  author = {Nakamoto, Satoshi},
  year = {2009},
  month = {03},
  title = {Bitcoin: A Peer-to-Peer Electronic Cash System},
  journal = {Cryptography Mailing list at https://metzdowd.com}
}

@article{ethereum,
  title={A next-generation smart contract and decentralized application platform},
  author={Buterin, Vitalik and others},
  journal={white paper},
  volume={3},
  number={37},
  year={2014}
}

@article{prusti,
  author = {Astrauskas, Vytautas and M\"{u}ller, Peter and Poli, Federico and Summers, Alexander J.},
  title = {Leveraging Rust Types for Modular Specification and Verification},
  year = {2019},
  issue_date = {October 2019},
  publisher = {Association for Computing Machinery},
  address = {New York, NY, USA},
  volume = {3},
  number = {OOPSLA},
  url = {https://doi.org/10.1145/3360573},
  doi = {10.1145/3360573},
  journal = {Proc. ACM Program. Lang.},
  month = oct,
  articleno = {147},
  numpages = {30},
  keywords = {Rust, heap-manipulating programs, concurrency, type systems}
}

@electronic{mirai,
  author={Venter, Herman},
  title={{MIRAI: Rust mid-level IR Abstract Interpreter}},
  url={https://github.com/facebookexperimental/MIRAI},
  note = {Accessed: 2021-07-07},
}

@electronic{seer,
  author={Renshaw, David},
  title={{Seer: Symbolic Execution Engine for Rust}},
  url={https://github.com/dwrensha/seer},
  note = {Accessed: 2021-07-19},
}

@electronic{creusot,
  author={Denis, Xavier},
  title={Creusot},
  url={https://github.com/xldenis/creusot},
  note = {Accessed: 2021-07-19},
}

@article{alias-burying,
author = {Boyland, John},
title = {Alias Burying: Unique Variables without Destructive Reads},
year = {2001},
issue_date = {May 2001},
publisher = {John Wiley &amp; Sons, Inc.},
address = {USA},
volume = {31},
number = {6},
issn = {0038-0644},
url = {https://doi.org/10.1002/spe.370},
doi = {10.1002/spe.370},
journal = {Softw. Pract. Exper.},
month = may,
pages = {533-553},
numpages = {21},
keywords = {unshared, borrowed, compromise}
}

@article{linear-haskell,
author = {Bernardy, Jean-Philippe and Boespflug, Mathieu and Newton, Ryan R. and Peyton Jones, Simon and Spiwack, Arnaud},
title = {Linear Haskell: Practical Linearity in a Higher-Order Polymorphic Language},
year = {2017},
issue_date = {January 2018},
publisher = {Association for Computing Machinery},
address = {New York, NY, USA},
volume = {2},
number = {POPL},
url = {https://doi.org/10.1145/3158093},
doi = {10.1145/3158093},
journal = {Proc. ACM Program. Lang.},
month = dec,
articleno = {5},
numpages = {29},
keywords = {polymorphism, typestate, GHC, Haskell, laziness, linear logic, linear types}
}

@article{cyclone-region,
author = {Grossman, Dan and Morrisett, Greg and Jim, Trevor and Hicks, Michael and Wang, Yanling and Cheney, James},
title = {Region-Based Memory Management in Cyclone},
year = {2002},
issue_date = {May 2002},
publisher = {Association for Computing Machinery},
address = {New York, NY, USA},
volume = {37},
number = {5},
issn = {0362-1340},
url = {https://doi.org/10.1145/543552.512563},
doi = {10.1145/543552.512563},
journal = {SIGPLAN Not.},
month = may,
pages = {282-293},
numpages = {12}
}

@article{lightweight-formalism,
author = {Pearce, David J.},
title = {A Lightweight Formalism for Reference Lifetimes and Borrowing in Rust},
year = {2021},
issue_date = {April 2021},
publisher = {Association for Computing Machinery},
address = {New York, NY, USA},
volume = {43},
number = {1},
issn = {0164-0925},
url = {https://doi.org/10.1145/3443420},
doi = {10.1145/3443420},
journal = {ACM Trans. Program. Lang. Syst.},
month = apr,
articleno = {3},
numpages = {73},
keywords = {model checking, type theory, Rust, ownership}
}

@inproceedings{alias-free-pointers,
author = {Minsky, Naftaly H.},
title = {Towards Alias-Free Pointers},
year = {1996},
isbn = {3540614397},
publisher = {Springer-Verlag},
address = {Berlin, Heidelberg},
booktitle = {Proceedings of the 10th European Conference on Object-Oriented Programming},
pages = {189-209},
numpages = {21},
series = {ECCOP '96}
}

@inproceedings{sheep-cloning,
author={Li, Paley and Cameron, Nicholas and Noble, James},
title={Sheep Cloning with Ownership Types},
year={2012},
booktitle={Proceedings of the Workshop on Foundations of Object-Oriented Languages},
series={FOOL}
}

@article{girard,
  title = {Linear logic},
  journal = {Theoretical Computer Science},
  volume = {50},
  number = {1},
  pages = {1-101},
  year = {1987},
  issn = {0304-3975},
  doi = {https://doi.org/10.1016/0304-3975(87)90045-4},
  author = {Jean-Yves Girard},
}

@inproceedings{dynamic-alias-protection,
author = {Noble, James and Clarke, Dave and Potter, John},
year = {1999},
month = {02},
pages = {176 - 187},
title = {Object ownership for dynamic alias protection},
isbn = {0-7695-0462-0},
doi = {10.1109/TOOLS.1999.809424}
}

@article{mezzo,
author = {Pottier, Fran\c{c}ois and Protzenko, Jonathan},
title = {Programming with Permissions in Mezzo},
year = {2013},
issue_date = {September 2013},
publisher = {Association for Computing Machinery},
address = {New York, NY, USA},
volume = {48},
number = {9},
issn = {0362-1340},
url = {https://doi.org/10.1145/2544174.2500598},
doi = {10.1145/2544174.2500598},
journal = {SIGPLAN Not.},
month = sep,
pages = {173-184},
numpages = {12},
keywords = {static type systems, aliasing, side effects, ownership}
}

@inproceedings{alms,
author = {Tov, Jesse A. and Pucella, Riccardo},
title = {Practical Affine Types},
year = {2011},
isbn = {9781450304900},
publisher = {Association for Computing Machinery},
address = {New York, NY, USA},
url = {https://doi.org/10.1145/1926385.1926436},
doi = {10.1145/1926385.1926436},
booktitle = {Proceedings of the 38th Annual ACM SIGPLAN-SIGACT Symposium on Principles of Programming Languages},
pages = {447-458},
numpages = {12},
keywords = {linear logic, polymorphism, modules, type systems, affine types},
location = {Austin, Texas, USA},
series = {POPL '11}
}

@techreport{patina,
  title={Patina : A Formalization of the Rust Programming Language},
  author={Eric C. Reed},
  year={2015}
}

@inproceedings{rusty-types,
author = {Benitez, Sergio},
title = {Short Paper: Rusty Types for Solid Safety},
year = {2016},
isbn = {9781450345743},
publisher = {Association for Computing Machinery},
address = {New York, NY, USA},
url = {https://doi.org/10.1145/2993600.2993604},
doi = {10.1145/2993600.2993604},
booktitle = {Proceedings of the 2016 ACM Workshop on Programming Languages and Analysis for Security},
pages = {69-75},
numpages = {7},
location = {Vienna, Austria},
series = {PLAS '16}
}

@article{rustbelt,
author = {Jung, Ralf and Jourdan, Jacques-Henri and Krebbers, Robbert and Dreyer, Derek},
title = {RustBelt: Securing the Foundations of the Rust Programming Language},
year = {2017},
issue_date = {January 2018},
publisher = {Association for Computing Machinery},
address = {New York, NY, USA},
volume = {2},
number = {POPL},
url = {https://doi.org/10.1145/3158154},
doi = {10.1145/3158154},
journal = {Proc. ACM Program. Lang.},
month = dec,
articleno = {66},
numpages = {34},
keywords = {separation logic, Rust, logical relations, concurrency, type systems}
}

@article{fr,
author = {Pearce, David J.},
title = {A Lightweight Formalism for Reference Lifetimes and Borrowing in Rust},
year = {2021},
issue_date = {April 2021},
publisher = {Association for Computing Machinery},
address = {New York, NY, USA},
volume = {43},
number = {1},
issn = {0164-0925},
url = {https://doi.org/10.1145/3443420},
doi = {10.1145/3443420},
journal = {ACM Trans. Program. Lang. Syst.},
month = apr,
articleno = {3},
numpages = {73},
keywords = {type theory, model checking, Rust, ownership}
}

@inproceedings{fj,
author = {Igarashi, Atshushi and Pierce, Benjamin and Wadler, Philip},
title = {Featherweight Java: A Minimal Core Calculus for Java and GJ},
year = {1999},
isbn = {1581132387},
publisher = {Association for Computing Machinery},
address = {New York, NY, USA},
url = {https://doi.org/10.1145/320384.320395},
doi = {10.1145/320384.320395},
booktitle = {Proceedings of the 14th ACM SIGPLAN Conference on Object-Oriented Programming, Systems, Languages, and Applications},
pages = {132-146},
numpages = {15},
keywords = {language design, theoretical foundations, implementation},
location = {Denver, Colorado, USA},
series = {OOPSLA '99}
}

@article{rusthorn,
   title={RustHorn: CHC-Based Verification for Rust Programs},
   ISBN={9783030449148},
   ISSN={1611-3349},
   url={http://dx.doi.org/10.1007/978-3-030-44914-8_18},
   DOI={10.1007/978-3-030-44914-8_18},
   journal={Lecture Notes in Computer Science},
   publisher={Springer International Publishing},
   author={Matsushita, Yusuke and Tsukada, Takeshi and Kobayashi, Naoki},
   year={2020},
   pages={484-514}
}

@inproceedings{z3,
author = {De Moura, Leonardo and Bj\o{}rner, Nikolaj},
title = {Z3: An Efficient SMT Solver},
year = {2008},
isbn = {3540787992},
publisher = {Springer-Verlag},
address = {Berlin, Heidelberg},
booktitle = {Proceedings of the Theory and Practice of Software, 14th International Conference on Tools and Algorithms for the Construction and Analysis of Systems},
pages = {337-340},
numpages = {4},
location = {Budapest, Hungary},
series = {TACAS'08/ETAPS'08}
}

@inproceedings{smack,
  title={Verifying Rust Programs with SMACK},
  author={Marek S. Baranowski and Shaobo He and Z. Rakamaric},
  booktitle={ATVA},
  year={2018}
}

@inproceedings{boogie,
author = {Barnett, Michael and Chang, Bor-Yuh and Deline, Robert and Jacobs, Bart and Leino, K Rustan M},
year = {2006},
month = {09},
pages = {364-387},
title = {Boogie: A Modular Reusable Verifier for Object-Oriented Programs},
isbn = {978-3-540-36749-9},
doi = {10.1007/11804192_17}
}

@masterthesis{electrolysis,
  author={Ullrich, Sebastian},
  year={2016},
  title={Simple Verification of Rust Programs via Functional Purification},
  organization={Karlsruhe Institute of Technology (KIT)}
}

@unpublished{lean,
	title = {The Lean Theorem Prover},
	author = {Leonardo de Moura and Soonho Kong and Jeremy Avigad and Floris Van Doorn and Jakob von Raumer},
	year = {2015}
}

@inproceedings{why3,
  TITLE = {{Why3 -- Where Programs Meet Provers}},
  AUTHOR = {Filli{\^a}tre, Jean-Christophe and Paskevich, Andrei},
  URL = {https://hal.inria.fr/hal-00789533},
  BOOKTITLE = {{ESOP'13 22nd European Symposium on Programming}},
  ADDRESS = {Rome, Italy},
  PUBLISHER = {{Springer}},
  SERIES = {LNCS},
  VOLUME = {7792},
  YEAR = {2013},
  MONTH = Mar,
  PDF = {https://hal.inria.fr/hal-00789533/file/main.pdf},
  HAL_ID = {hal-00789533},
  HAL_VERSION = {v1},
}

@inproceedings{viper,
author = {M\"{u}ller, Peter and Schwerhoff, Malte and Summers, Alexander J.},
title = {Viper: A Verification Infrastructure for Permission-Based Reasoning},
year = {2016},
isbn = {9783662491218},
publisher = {Springer-Verlag},
address = {Berlin, Heidelberg},
url = {https://doi.org/10.1007/978-3-662-49122-5_2},
doi = {10.1007/978-3-662-49122-5_2},
booktitle = {Proceedings of the 17th International Conference on Verification, Model Checking, and Abstract Interpretation - Volume 9583},
pages = {41-62},
numpages = {22},
location = {St. Petersburg, FL, USA},
series = {VMCAI 2016}
}
